<?xml version="1.0" encoding="UTF-8"?><collection xmlns="http://www.loc.gov/MARC21/slim"><record><leader>00472nam--2200169-i-4500</leader><controlfield tag="001">000022795</controlfield><controlfield tag="002">20161230</controlfield><controlfield tag="005">20170105182053</controlfield><controlfield tag="008">060222s1000------------r-----000-0-eng-d</controlfield><datafield ind1=" " ind2=" " tag="080"><subfield code="a">513.882(076)</subfield></datafield><datafield ind1=" " ind2=" " tag="100"><subfield code="a">Halmos, Paul R</subfield></datafield><datafield ind1=" " ind2=" " tag="245"><subfield code="a">A hibert spaces problem book</subfield></datafield><datafield ind1=" " ind2=" " tag="260"><subfield code="a">Princeton, N.J</subfield><subfield code="b">D.Van Nostrand Co. Inc</subfield><subfield code="c">1967</subfield></datafield><datafield ind1=" " ind2=" " tag="300"><subfield code="a">XVII + 365 p</subfield></datafield><datafield ind1=" " ind2=" " tag="490"><subfield code="a">The University Series In Higher Mathematics</subfield></datafield><datafield ind1=" " ind2=" " tag="852"><subfield code="a">29838</subfield><subfield code="c">513.83</subfield></datafield><datafield ind1=" " ind2=" " tag="CAT"><subfield code="a">SYS</subfield><subfield code="c">20170105</subfield><subfield code="h">182053</subfield></datafield></record></collection>